@MISC{smith,
    author = {Geoffrey Smith},
    title = {On the Foundations of Quantitative Information Flow},
    year = {}
}


@article{clarkson_etal,
  title={Quantifying information flow with beliefs},
  author={Clarkson, Michael R and Myers, Andrew C and Schneider, Fred B},
  journal={Journal of Computer Security},
  volume={17},
  number={5},
  pages={655--701},
  year={2009},
  publisher={IOS Press}
}
